@online{web:smarty,
    url = {http://www.smarty.net/},
    title = {Página oficial del proyecto Smarty Templates}}

@online{web:alfresco,
    url = {http://www.alfresco.com/},
    title = {Página oficial del proyecto Alfresco}}

@online{web:liferay,
    url = {http://www.liferay.com/},
    title = {Página oficial del proyecto Liferay}}

@online{web:symfony,
    url = {http://www.symfony-project.org/},
    title = {Página oficial del proyecto Symfony}}

@online{web:ruby-on-rails,
    url = {http://rubyonrails.org/},
    title = {Página oficial del proyecto Ruby on Rails}}

@online{web:yum-fedora,
    url = {http://fedoraproject.org/wiki/Yum},
    title = {Pagían de Fedora Yum}}

@online{web:apt-debian,
	url = {http://www.debian.org/doc/manuals/debian-reference/ch02.en.html},
	title = {Página de Debian Apt}}

@online{web:pacman-arch,
	url = {https://wiki.archlinux.org/index.php/Pacman},
	title = {Página de Pacman}}

@online{web:facebook,
	url = {http://www.facebook.com},
	title = {Facebook}}
	
@online{web:tikiwiki,
	url = {http://tiki.org},
	title = {Página principal del proyecto de Código Abierto TikiWiki (Inglés)}}
	
@online{web:wikipedia,
	title = {Wikipedia},
	url = {http://www.wikipedia.com}}

@online{web:flickr,
	url = {http://www.flickr.com},
	title = {Flickr}}
	
@online{web:twitter,
	url = {http://www.twitter.com},
	title = {Twitter}}
	
@online{web:mercurial,
	url = {http://mercurial.selenic.com/},
	title = {Mercurial}}
	
@online{web:swiftmailer,
	url = {http://swiftmailer.org/},
	title = {SwiftMailer: Librería de PHP dedicada al correo.}}

@online{web:bitbucket,
	url = {http://bitbucket.org/},
	title = {BitBucket: Servidor de alojamiento de código utilizando los gestores GIT o HG}}
	
@online{web:jekyll,
	url = {http://jekyllrb.com/},
	title = {Jekyll programa escrito en Ruby que genera páginas web estáticas utilizando YAML (Inglés)}}
	
@online{web:documentacion-php-arrays,
	url = {http://es2.php.net/manual/es/intro.array.php},
	title = {Documentación de PHP sobre los arrays}}
		
@online{web:especificacion-yaml,
	url = {http://www.yaml.org/spec/1.2/spec.html},
	title = {Especificación oficial del lenguaje de marcado YAML (Inglés)}}
	
@online{web:serializacion,
	url = {https://en.wikipedia.org/wiki/Serialization},
	title = {Explicación del concepto de Serialización (Inglés)}}
	
@online{web:listado-permisos,
	url = {http://doc.tiki.org/Permissions+List},
	title = {Listado de permisos existentes en TikiWiki}}
	
@online{web:apple,
	url = {http://apple.com},
	title = {Página de Apple (Inglés)}}
	
@online{web:apple-os-x,
	url = {http://apple.com/macosx/},
	title = {Página del sistema operativo OS X de Apple (Inglés)}}
	
@online{web:apple-automator,
	url = {http://automator.us/leopard/index.html},
	title = {Página no oficial de Apple que enseña a manejar la herramienta Automator incluida en el sistema por defecto (Inglés)}}
	
@online{web:elearning,
	url = {http://en.wikipedia.org/wiki/E-learning},
	title = {Wikipedia: E-learning (Inglés)}}
	
@online{web:informationage,
	url = {http://en.wikipedia.org/wiki/Information_Age},
	title = {Wikipedia: La Era de la Información (Inglés)}}
	
@online{web:instalacion-tiki,
	url = {http://doc.tiki.org/Installation},
	title = {Guía de instalación de TikiWiki (Inglés)}}
	
@online{web:social-learning,
	url = {https://en.wikipedia.org/wiki/Social_learning_theory},
	title = {Wikipedia: Social Learning (Inglés)}}
	
@online{web:google,
	url = {http://www.google.es},
	title = {Google}}

@online{web:educacion20,
	url = {http://jjdeharo.blogspot.com/2010/02/herramientas-para-una-educacion-20.html},
	title = {Página que explica conceptos fundamentales relacionados con la Educación 2.0}}
	
@online{web:tikiwikis-destacadas,
	url = {http://info.tiki.org/Featured+Tikis},
	title = {Listado de organizaciones que utilizan TikiWiki como motor principal de su página web}}
	
@online{web:webct-uah,
	url = {https://webct08.uah.es},
	title = {WebCT en la UAH}}
	
@online{web:moodle,
	url = {http://moodle.org},
	title = {Página oficial del proyecto Moodle}}
	
@online{web:moodle-uah,
	url = {http://atc1.aut.uah.es/},
	title = {Departamento de Automática en la UAH utilizando Moodle}}
	
@online{web:mediawiki,
	url = {http://mediawiki.org},
	title = {Página oficial del proyecto MediaWiki}}
	
@online{web:lms,
	url = {https://en.wikipedia.org/wiki/Learning_management_system},
	title = {Wikipedia: LMS (Inglés)}}
	
@online{web:tiki-use-cases,
	url = {http://tiki.org/use+cases},
	title = {Casos de usos en los que se puede utilizar y adaptar TikiWiki (Inglés)}}
	
@online{web:cms,
	url = {https://en.wikipedia.org/wiki/Content_management_system},
	title = {Wikipedia: CMS (Inglés)}}
	
@online{web:ogre-tikiwiki,
	url = {http://www.ogre3d.org/tikiwiki/},
	title = {Motor Ogre utilizando TikiWiki para su documentación}}
	
@online{web:mysql,
	url = {http://www.mysql.com/},
	title = {Página oficial del proyecto MySQL}}
	
@online{web:php,
	url = {http://www.php.net},
	title = {Página oficial del lenguaje de programación PHP}}
	
@online{web:marc-laporte,
	url = {http://www.marclaporte.com/},
	title = {Personalidad importante en la comunidad de TikiWiki. Impulsa el proyecto de manera económica y tiene una consultoría basada en \tiki{}}}
	
@online{web:video-tikiwiki-2008,
	url = {http://www.youtube.com/watch?v=1BVuMODhujI},
	title = {Explicación de los profiles por Marc Laporte y Matthew Bickerton (Inglés)}}

@online{web:explicacion-profiles,
	url = {http://profiles.tiki.org/Welcome+to+Tiki+Profiles},
	title = {Documentación oficial de los Profiles (Inglés)}}
	
@online{web:data-channels,
	url = {http://profiles.tiki.org/Data+Channels},
	title = {Documentación que explica el uso de los Data Channels (Inglés)}}
	
@online{web:handlers,
	url = {http://profiles.tiki.org/Profile+Developer+Documentation},
	title = {Listado de todos los Handlers de TikiWiki (Inglés)}}
	
@online{web:plugin-code,
	url = {http://doc.tiki.org/PluginDataChannel},
	title = {Explicación del Plugin Data Channel (Inglés)}}
	
@online{web:object-references,
	url = {http://profiles.tiki.org/Object+References},
	title = {Explicación del concepto de Object References utilizado en los Profiles (Inglés)}}
	
@online{web:blackboard,
	url = {http://www.blackboard.com},
	title = {Página oficial de la plataforma e-learning de pago BlackBoard}}
	
@video{video:wikis-plain-english,
	title = {Wikis in plain English},
	url = {http://www.youtube.com/watch?v=-dnL00TdmLY}}

@conference{paper:innovamos,
	author = {Roberto J. L{\'o}pez Sastre and A. P{\'e}rez K{\"o}hler},
	journal = {II Encuentro sobre Innovaci{\'o}n en Docencia Universitaria},
	year = {2007},
	title = {Innovaci{\'o}n Docente y Software Libre},
	url="http://agamenon.tsc.uah.es/Personales/rlopez/docs/lopez-edu-2007a.pdf"}

@conference{paper:aprendizaje-social,
	author = {Roberto J. L{\'o}pez Sastre},
	journal = {II Encuentro sobre Innovaci{\'o}n en Docencia Universitaria},
	title = {Aprendizaje y software social: Comunidades de pr{\'a}ctica y wikis en el EEES},
	year = {2007},
	url="http://agamenon.tsc.uah.es/Personales/rlopez/docs/lopez-edu-2007c.pdf"}
	
@conference{paper:filwit,
	author = {Roberto J. L{\'o}pez Sastre and G. Mancho and M. D. Porto Requejo and C. Pena Díaz and C. Valero and Bianca Vitalarau},
	journal = {III Encuentro sobre Innovación en Docencia Universitaria},
	title = {FILWIT: Innovando con Wikis en el aula},
	year = {2008},
	url="http://agamenon.tsc.uah.es/Personales/rlopez/docs/lopez-edu-2008.pdf"}
	
@book{libro:excusas-para-no-pensar,
	author = {Eduardo Punset},
	title = {Excusas para no pensar},
	year = {2011},
	isbn = {9788423344130},
	publisher = {Ediciones Destino}}
	
@book{libro:comunidades-de-practica-wenger,
	author = {Etienne Wenger and William M. Snyder and Richard McDermott},
	title = {Cultivating Communities of Practice: A Guide to Managing Knowledge},
	year = {2002},
	isbn = {1578513308},
	publisher = {Harvard Business Press}}
	
@book{libro:comunidades-de-practica-wenger-primera-edicion,
	author = {Wenger, Etienne},
	title = {Communities of Practice: Learning, Meaning, and Identity},
	year = {1988},
	isbn = {0521663636},
	publisher = {Cambridge Univ. Press}}
	
@book{libro:la-paradoja-de-la-elección,
	author = {Barry Schwartz},
	title = {The Paradox of Choice: Why More Is Less},
	year = {2005},
	isbn = {0060005696},
	publisher = {HarperCollins}}
	
@book{libro:social-navigation,
	author = {Eivind Uggedal},
	title = {Social Navigation on the Social Web},
	year = {2008},
	publisher = {University of Oslo}}

@book{libro:bringhurst,
	author = {Robert Bringhurst},
	title = {The Elements of Typographic Design},
	year = {2008},
	publisher = {Hartley and Marks},
	isbn = {0881792055}}
	
@book{libro:lupton,
	author = {Ellen Lupton},
	title = {Thinking with Type},
	year = {2010},
	publisher = {Princenton Architectural Press},
	isbn = {9781568989693}}